@phdthesis{cosma,
  title = {{An Approach to Source-Code Plagiarism Detection and Investigation Using Latent Semantic Analysis}},
  author = {Georgina Cosma},
  year = {2008},
  publisher = {University of Warwick, Department of Computer Science},
  address = {Coventry, UK}
}

@phdthesis{mozgovoy,
  title = {{Enhancing Computer-Aided Plagiarism Detection}},
  author = {M. Mozgovoy},
  year = {2007},
  publisher = {Department of Computer Science, University of Joensuu},
  address = {Joensuu, Finland}
}

@article{joyluck,
  title = {{Plagiarism in Programming Assignments}},
  author = {M. Joy, M. Luck},
  year = {1999},
  publisher = {IEEE Transactions on Education}
}

@article{stamatatos,
  title = {{Plagiarism Detection Using Stopword n-grams}},
  author = {Efstathios Stamatatos},
  year = {2011},
  publisher = {Dept. of Information and Communication Systems Eng. University of the Aegean}
}

@Book{cambridge,
    publisher = {Cambridge University Press},
    author = {Rationality.},
    title = {{Cambridge Advanced Learner's Dictionary}},
    year = {2005},
}

@article{fellbaum,
   	author = {C. Fellbaum},
    title = {{WordNet: An Electronic Lexical Database}},
    year = {1998},
}

@article{mozgovoyetal,
    publisher = {The MIT Press},
   	author = {M. Mozgovoy, K. Fredriksson, D. White, M. Joy, and E. Sutinen},
    title = {{Fast Plagiarism Detection System, Lecture Notes in Computer Science}},
    year = {2005},
}

@article{wise,
   	author = {M. Wise},
    title = {{Detection of Similarities in Student Programs: YAP'ing may be Preferable to Plague'ing, ACM SIGCSE Bulletin}},
    year = {1992},
}

@article{wise2,
   	author = {M. Wise},
    title = {{YAP3: Improved Detection of Similarities in Computer Programs and Other Texts}},
    year = {1996},
}

@article{gitchelltran,
   	author = {D. Gitchell, N. Tran},
    title = {{Sim: a Utility for Detecting Similarity in Computer Programs, Proc. of the 30 th SIGCSE Technical Symposium on Computer Science Education}},
    year = {1999},
}

@article{manber,
   	author = {U. Manber},
    title = {{Finding similar files in a large file system}},
    year = {1994},
}

@article{levenshtein,
  author = {Haldar, Rishin and Mukhopadhyay, Debajyoti},
  journal = {CoRR},
  title = {Levenshtein Distance Technique in Dictionary Lookup Methods: An Improved Approach},
  year = 2011
}

